<record><leader>00000cas a22000007a 4500</leader><controlfield tag="001">16575245</controlfield><controlfield tag="008">870827d18841903iauwr ne      0    0eng d</controlfield><datafield ind1=" " ind2=" " tag="010"><subfield code="a">sn 87057784 </subfield></datafield><datafield ind1=" " ind2=" " tag="040"><subfield code="a">INP</subfield><subfield code="b">eng</subfield><subfield code="c">INP</subfield><subfield code="d">OCLCQ</subfield></datafield><datafield ind1=" " ind2=" " tag="042"><subfield code="a">msc</subfield></datafield><datafield ind1="0" ind2=" " tag="130"><subfield code="a">Souvenir (Jefferson, Iowa)</subfield></datafield><datafield ind1="1" ind2="4" tag="245"><subfield code="a">The souvenir.</subfield></datafield><datafield ind1=" " ind2=" " tag="260"><subfield code="a">Jefferson, Iowa :</subfield><subfield code="b">Ferguson &amp; Beverly,</subfield><subfield code="c">-1903.</subfield></datafield><datafield ind1=" " ind2=" " tag="300"><subfield code="a">v. :</subfield><subfield code="b">ill. ;</subfield><subfield code="c">56 cm.</subfield></datafield><datafield ind1=" " ind2=" " tag="310"><subfield code="a">Weekly</subfield></datafield><datafield ind1="1" ind2=" " tag="362"><subfield code="a">Began in 1884.</subfield></datafield><datafield ind1="0" ind2=" " tag="362"><subfield code="a">-v. 19, no. 22 (Aug. 8, 1903).</subfield></datafield><datafield ind1=" " ind2=" " tag="500"><subfield code="a">Publisher varies.</subfield></datafield><datafield ind1=" " ind2=" " tag="500"><subfield code="a">Includes separately numbered sections called: Rippey reporter, &lt;Mar. 23, 1895-Jan. 18, 1902&gt;; Paton promoter, &lt;Nov. 2, 1895-Jan. 18, 1902&gt;.</subfield></datafield><datafield ind1=" " ind2=" " tag="588"><subfield code="a">Description based on: Vol. 7, no. 22 (Aug. 22, 1891).</subfield></datafield><datafield ind1=" " ind2=" " tag="752"><subfield code="a">United States</subfield><subfield code="b">Iowa</subfield><subfield code="c">Greene</subfield><subfield code="d">Jefferson.</subfield></datafield><datafield ind1=" " ind2=" " tag="752"><subfield code="a">United States</subfield><subfield code="b">Iowa</subfield><subfield code="c">Greene</subfield><subfield code="d">Rippey.</subfield></datafield><datafield ind1=" " ind2=" " tag="752"><subfield code="a">United States</subfield><subfield code="b">Iowa</subfield><subfield code="c">Greene</subfield><subfield code="d">Paton.</subfield></datafield><datafield ind1="0" ind2="4" tag="785"><subfield code="t">Jefferson bee</subfield><subfield code="w">(DLC)sn 84027177</subfield></datafield><datafield ind1="1" ind2=" " tag="787"><subfield code="t">Rippey reporter</subfield></datafield><datafield ind1="1" ind2=" " tag="787"><subfield code="t">Paton promoter</subfield></datafield></record>